@phdthesis{nguyen2013modelisation,
  title={Mod{\'e}lisation multi-{\'e}chelle des mat{\'e}riaux granulaires frottant-coh{\'e}sifs},
  author={Nguyen, Trung Kien},
  year={2013},
  school={Universit{\'e} de Grenoble}
}

@phdthesis{danies2018application,
  title={Application de la M{\'e}thode des Points Mat{\'e}riels aux ph{\'e}nom{\`e}nes gravitaires},
  author={Danies, Fabio Gracia},
  year={2018},
  school={Universit{\'e} Grenoble Alpes (ComUE)}
}

@misc{richefeu2025mpmxdem,
  author       = {V. Richefeu and G. Combe},
  title        = {{MPM}{×}{DEM} programme},
  howpublished = {\url{https://github.com/richefeu/mpmxdem}},
  year         = {2025}
}

@misc{combe2023demlecture,
  author       = {Gaël Combe},
  title        = {{DEM} Lecture},
  version      = {2023},
  year         = {2023},
  note         = {Diapositive},
  howpublished = {\url{https://cloud.univ-grenoble-alpes.fr/s/Lbdg6qWwXNqFZQo}}
}

@article{Fei2024,
  author    = {Jianbo Fei and Hao Tang and Chaoshuai Yang and Xiangsheng Chen},
  title     = {Scaling laws for quasi-statically deforming granular soil at critical state},
  journal   = {Granular Matter},
  year      = {2024},
  volume    = {26},
  number    = {4},
  pages     = {91},
  doi       = {10.1007/s10035-024-01459-7},
  url       = {https://doi.org/10.1007/s10035-024-01459-7}
}

@article{nguyen2023material,
  title={The material point method},
  author={Nguyen, Vinh Phu and De Vaucorbeil, Alban and Bordas, Stephane},
  journal={Cham: Springer International Publishing},
  year={2023},
  publisher={Springer}
}

@book{radjai2011discrete,
  title={Discrete-element modeling of granular materials},
  author={Radjai, Farhang and Dubois, Fr{\'e}d{\'e}ric},
  year={2011},
  publisher={Wiley-Iste}
}

@phdthesis{duverger2023multi,
  title={A multi-scale, MPMxDEM, numerical modelling approach for geotechnical structures under severe loading},
  author={Duverger, Sacha},
  year={2023},
  school={Aix-Marseille Universit{\'e} (AMU)}
}